@article{kothyari2021personalizing,
    title={Personalizing ASR with limited data using targeted subset selection},
    author={Kothyari, Mayank and Mekala, Anmol Reddy and Iyer, Rishabh and Ramakrishnan, Ganesh and Jyothi, Preethi},
    journal={arXiv preprint arXiv:2110.04908},
    year={2021}
}

@article{sun2020neural,
  title={Neural semi-supervised learning for text classification under large-scale pretraining},
  author={Sun, Zijun and Fan, Chun and Sun, Xiaofei and Meng, Yuxian and Wu, Fei and Li, Jiwei},
  journal={arXiv preprint arXiv:2011.08626},
  year={2020}
}

@inproceedings{wu2007data,
  title={Data selection for speech recognition},
  author={Wu, Yi and Zhang, Rong and Rudnicky, Alexander},
  booktitle={2007 IEEE Workshop on Automatic Speech Recognition \& Understanding (ASRU)},
  pages={562--565},
  year={2007},
  organization={IEEE}
}

@inproceedings{kriman2020quartznet,
  title={Quartznet: Deep automatic speech recognition with 1d time-channel separable convolutions},
  author={Kriman, Samuel and Beliaev, Stanislav and Ginsburg, Boris and Huang, Jocelyn and Kuchaiev, Oleksii and Lavrukhin, Vitaly and Leary, Ryan and Li, Jason and Zhang, Yang},
  booktitle={ICASSP 2020-2020 IEEE International Conference on Acoustics, Speech and Signal Processing (ICASSP)},
  pages={6124--6128},
  year={2020},
  organization={IEEE}
}

@article{krause2008robust,
  title={Robust Submodular Observation Selection.},
  author={Krause, Andreas and McMahan, H Brendan and Guestrin, Carlos and Gupta, Anupam},
  journal={Journal of Machine Learning Research},
  volume={9},
  number={12},
  year={2008}
}

@article{li2019jasper,
  title={Jasper: An end-to-end convolutional neural acoustic model},
  author={Li, Jason and Lavrukhin, Vitaly and Ginsburg, Boris and Leary, Ryan and Kuchaiev, Oleksii and Cohen, Jonathan M and Nguyen, Huyen and Gadde, Ravi Teja},
  journal={arXiv preprint arXiv:1904.03288},
  year={2019}
}

@inproceedings{wei2013using,
  title={Using document summarization techniques for speech data subset selection},
  author={Wei, Kai and Liu, Yuzong and Kirchhoff, Katrin and Bilmes, Jeff},
  booktitle={Proceedings of the 2013 Conference of the North American Chapter of the Association for Computational Linguistics: Human Language Technologies},
  pages={721--726},
  year={2013}
}

@article{rousu2005efficient,
  title={Efficient Computation of Gapped Substring Kernels on Large Alphabets.},
  author={Rousu, Juho and Shawe-Taylor, John and Jaakkola, Tommi},
  journal={Journal of Machine Learning Research},
  volume={6},
  number={9},
  year={2005}
}

@inproceedings{wei2014unsupervised,
  title={Unsupervised submodular subset selection for speech data},
  author={Wei, Kai and Liu, Yuzong and Kirchhoff, Katrin and Bilmes, Jeff},
  booktitle={2014 IEEE International Conference on Acoustics, Speech and Signal Processing (ICASSP)},
  pages={4107--4111},
  year={2014},
  organization={IEEE}
}

@inproceedings{itoh2012n,
  title={N-best entropy based data selection for acoustic modeling},
  author={Itoh, Nobuyasu and Sainath, Tara N and Jiang, Dan Ning and Zhou, Jie and Ramabhadran, Bhuvana},
  booktitle={2012 IEEE International Conference on Acoustics, Speech and Signal Processing (ICASSP)},
  pages={4133--4136},
  year={2012},
  organization={IEEE}
}

@inproceedings{awasthi2021error,
  title={Error-driven Fixed-Budget ASR Personalization for Accented Speakers},
  author={Awasthi, Abhijeet and Kansal, Aman and Sarawagi, Sunita and Jyothi, Preethi},
  booktitle={ICASSP 2021-2021 IEEE International Conference on Acoustics, Speech and Signal Processing (ICASSP)},
  pages={7033--7037},
  year={2021},
  organization={IEEE}
}

@article{han2021supervised,
  title={Supervised contrastive learning for accented speech recognition},
  author={Han, Tao and Huang, Hantao and Yang, Ziang and Han, Wei},
  journal={arXiv preprint arXiv:2107.00921},
  year={2021}
}
@article{deng2021improving,
  title={Improving Accent Identification and Accented Speech Recognition Under a Framework of Self-supervised Learning},
  author={Deng, Keqi and Cao, Songjun and Ma, Long},
  journal={arXiv preprint arXiv:2109.07349},
  year={2021}
}

@inproceedings{jain2018improved,
  title={Improved Accented Speech Recognition Using Accent Embeddings and Multi-task Learning.},
  author={Jain, Abhinav and Upreti, Minali and Jyothi, Preethi},
  booktitle={Interspeech},
  pages={2454--2458},
  year={2018}
}

@inproceedings{asami2015training,
  title={Training data selection for acoustic modeling via submodular optimization of joint Kullback-Leibler divergence},
  author={Asami, Taichi and Masumura, Ryo and Masataki, Hirokazu and Okamoto, Manabu and Sakauchi, Sumitaka},
  booktitle={Sixteenth Annual Conference of the International Speech Communication Association},
  year={2015}
}

@article{sethy2009iterative,
  title={An iterative relative entropy minimization-based data selection approach for n-gram model adaptation},
  author={Sethy, Abhinav and Georgiou, Panayiotis G and Ramabhadran, Bhuvana and Narayanan, Shrikanth},
  journal={IEEE transactions on audio, speech, and language processing},
  volume={17},
  number={1},
  pages={13--23},
  year={2009},
  publisher={IEEE}
}

@inproceedings{woodward2020confidence,
  title={Confidence Measures in Encoder-Decoder Models for Speech Recognition.},
  author={Woodward, Alejandro and Bonn{\'\i}n, Clara and Masuda, Issey and Varas, David and Bou-Balust, Elisenda and Riveiro, Juan Carlos},
  booktitle={INTERSPEECH},
  pages={611--615},
  year={2020}
}